%% This BibTeX bibliography file was created using BibDesk.
%% http://bibdesk.sourceforge.net/

%% Created for Yifan Wang at 2016-12-14 12:27:51 -0500 


%% Saved with string encoding Unicode (UTF-8) 



@inproceedings{mohr2003direct,
	Author = {Mohr, Alex and Tokheim, Luke and Gleicher, Michael},
	Booktitle = {Proceedings of the 2003 symposium on Interactive 3D graphics},
	Date-Added = {2016-12-14 17:27:42 +0000},
	Date-Modified = {2016-12-14 17:27:42 +0000},
	Organization = {ACM},
	Pages = {27--30},
	Title = {Direct manipulation of interactive character skins},
	Year = {2003}}

@inproceedings{wang2002multi,
	Author = {Wang, Xiaohuan Corina and Phillips, Cary},
	Booktitle = {Proceedings of the 2002 ACM SIGGRAPH/Eurographics symposium on Computer animation},
	Date-Added = {2016-12-14 17:27:20 +0000},
	Date-Modified = {2016-12-14 17:27:20 +0000},
	Organization = {ACM},
	Pages = {129--138},
	Title = {Multi-weight enveloping: least-squares approximation techniques for skin animation},
	Year = {2002}}

@inproceedings{magnenat1988joint,
	Author = {Magnenat-Thalmann, Nadia and Laperrire, Richard and Thalmann, Daniel},
	Booktitle = {In Proceedings on Graphics interface'88},
	Date-Added = {2016-12-14 17:27:01 +0000},
	Date-Modified = {2016-12-14 17:27:01 +0000},
	Organization = {Citeseer},
	Title = {Joint-dependent local deformations for hand animation and object grasping},
	Year = {1988}}

@inproceedings{kurihara2004modeling,
	Author = {Kurihara, Tsuneya and Miyata, Natsuki},
	Booktitle = {Proceedings of the 2004 ACM SIGGRAPH/Eurographics symposium on Computer animation},
	Date-Added = {2016-12-14 17:26:40 +0000},
	Date-Modified = {2016-12-14 17:26:40 +0000},
	Organization = {Eurographics Association},
	Pages = {355--363},
	Title = {Modeling deformable human hands from medical images},
	Year = {2004}}

@inproceedings{lewis2000pose,
	Author = {Lewis, John P and Cordner, Matt and Fong, Nickson},
	Booktitle = {Proceedings of the 27th annual conference on Computer graphics and interactive techniques},
	Date-Added = {2016-12-14 17:26:14 +0000},
	Date-Modified = {2016-12-14 17:26:14 +0000},
	Organization = {ACM Press/Addison-Wesley Publishing Co.},
	Pages = {165--172},
	Title = {Pose space deformation: a unified approach to shape interpolation and skeleton-driven deformation},
	Year = {2000}}

@inproceedings{rhee2006real,
	Author = {Rhee, Taehyun and Lewis, John P and Neumann, Ulrich},
	Booktitle = {Computer Graphics Forum},
	Date-Added = {2016-12-14 17:25:57 +0000},
	Date-Modified = {2016-12-14 17:25:57 +0000},
	Number = {3},
	Organization = {Wiley Online Library},
	Pages = {439--448},
	Title = {Real-Time Weighted Pose-Space Deformation on the GPU},
	Volume = {25},
	Year = {2006}}
